<record><leader>00000cas a22000007a 4500</leader><controlfield tag="001">20147944</controlfield><controlfield tag="008">890809d19481953pauwr ne      0    0eng d</controlfield><datafield ind1=" " ind2=" " tag="010"><subfield code="a">sn 89077211 </subfield></datafield><datafield ind1=" " ind2=" " tag="040"><subfield code="a">NPH</subfield><subfield code="b">eng</subfield><subfield code="c">NPH</subfield><subfield code="d">PUL</subfield><subfield code="d">OCLCQ</subfield><subfield code="d">OCLCF</subfield><subfield code="d">OCLCO</subfield></datafield><datafield ind1=" " ind2=" " tag="019"><subfield code="a">175305098</subfield></datafield><datafield ind1=" " ind2=" " tag="042"><subfield code="a">msc</subfield></datafield><datafield ind1=" " ind2=" " tag="043"><subfield code="a">n-us-pa</subfield></datafield><datafield ind1="0" ind2=" " tag="130"><subfield code="a">Gazette (New Hope, Pa.)</subfield></datafield><datafield ind1="1" ind2="0" tag="245"><subfield code="a">Gazette.</subfield></datafield><datafield ind1="1" ind2="7" tag="246"><subfield code="a">New Hope gazette</subfield></datafield><datafield ind1=" " ind2=" " tag="260"><subfield code="a">New Hope, Pa. :</subfield><subfield code="b">C. Evans &amp; W. Teller,</subfield><subfield code="c">1948-1953.</subfield></datafield><datafield ind1=" " ind2=" " tag="300"><subfield code="a">v. :</subfield><subfield code="b">ill. ;</subfield><subfield code="c">33-49 cm.</subfield></datafield><datafield ind1=" " ind2=" " tag="310"><subfield code="a">Weekly,</subfield><subfield code="b">May 31, 1951-</subfield></datafield><datafield ind1=" " ind2=" " tag="321"><subfield code="a">Semimonthly,</subfield><subfield code="b">Jan. 15, 1950-May 17, 1951</subfield></datafield><datafield ind1=" " ind2=" " tag="321"><subfield code="a">Monthly,</subfield><subfield code="b">Feb. 10, 1948-Dec. 1, 1949</subfield></datafield><datafield ind1="1" ind2=" " tag="362"><subfield code="a">Began in 1948? Ceased in 1953.</subfield></datafield><datafield ind1="0" ind2=" " tag="362"><subfield code="a">Vol. 1, no. 1 (Feb. 10, 1948)- ; -sixth yr., no. 22 (May 28, 1953).</subfield></datafield><datafield ind1=" " ind2="0" tag="651"><subfield code="a">New Hope (Pa.)</subfield><subfield code="v">Periodicals.</subfield></datafield><datafield ind1=" " ind2="7" tag="655"><subfield code="a">Periodicals.</subfield><subfield code="2">fast</subfield><subfield code="0">(OCoLC)fst01411641</subfield></datafield><datafield ind1=" " ind2="7" tag="651"><subfield code="a">Pennsylvania</subfield><subfield code="z">New Hope.</subfield><subfield code="2">fast</subfield><subfield code="0">(OCoLC)fst01213800</subfield></datafield><datafield ind1=" " ind2=" " tag="752"><subfield code="a">United States</subfield><subfield code="b">Pennsylvania</subfield><subfield code="c">Bucks</subfield><subfield code="d">New Hope.</subfield></datafield><datafield ind1="0" ind2="0" tag="785"><subfield code="t">New Hope gazette (New Hope, Pa. : 1953)</subfield><subfield code="w">(DLC)sn 84026010</subfield></datafield></record>